@inproceedings{Ardissono2009,
author = {Ardissono, L and Furnari, R and Goy, A and Petrone, G and Segnan, M},
booktitle = {Innovations and Advanced Techniques in Computer and Information Sciences and Engineering},
file = {:media/Datos/Posgrado/Pesquisa/Baile/Basic-References/Monitoring Choreographed Services.pdf:pdf},
pages = {283----288},
title = {{Monitoring Choreographed Services}},
year = {2009}
}
@inproceedings{Barker2009b,
author = {Barker, Adam and Besana, Paolo and Robertson, David and Weissman, Jon B},
booktitle = {In Proceedings of the 7th international workshop on Challenges of large applications in distributed environments},
doi = {978-1-60558-588-8},
file = {:media/Datos/Posgrado/Pesquisa/Baile/prototype/documents/benefits of Service Choreography.pdf:pdf},
pages = {1----10},
series = {CLADE '09},
title = {{The Benefits of Service Choreography for Data-Intensive Computing}},
year = {2009}
}
@article{Barker2009,
author = {Barker, Adam and Walton, Christopher D. and Robertson, David},
doi = {10.1109/TSC.2009.8},
file = {:media/Datos/Posgrado/Pesquisa/Baile/Basic-References/Choreographing Web Services.pdf:pdf},
issn = {1939-1374},
journal = {IEEE Transactions on Services Computing},
number = {2},
pages = {152--166},
title = {{Choreographing Web Services}},
url = {http://ieeexplore.ieee.org/lpdocs/epic03/wrapper.htm?arnumber=4815204},
volume = {2},
year = {2009}
}
@article{Buccafurri2008a,
author = {Buccafurri, F and Demeo, P and Fugini, M and Furnari, R and Goy, a and Lax, G and Lops, P and Modafferi, S and Pernici, B and Redavid, D},
doi = {10.1016/j.datak.2008.08.004},
file = {:media/Datos/Posgrado/Pesquisa/Baile/Basic-References/QoS/Analysis of QoS in cooperative services for real time applications.pdf:pdf},
issn = {0169023X},
journal = {Data \& Knowledge Engineering},
month = dec,
number = {3},
pages = {463--484},
publisher = {Elsevier B.V.},
title = {{Analysis of QoS in cooperative services for real time applications}},
url = {http://linkinghub.elsevier.com/retrieve/pii/S0169023X08001067},
volume = {67},
year = {2008}
}
@article{Buyya,
author = {Buyya, Rajkumar and Murshed, Manzur and Campus, Caulfield and Campus, Gippsland},
file = {:media/Datos/Posgrado/Pesquisa/CHOReOS/Basic-References/simulation/GridSim - A Toolkit for the Modeling and Simulation of Distributed Resource Management and Scheduling for Grid Computing.pdf:pdf},
journal = {Computing},
pages = {1--37},
title = {{GridSim: A Toolkit for the Modeling and Simulation of Distributed Resource Management and Scheduling for Grid Computing}}
}
@inproceedings{Kopp2010,
author = {Kopp, Oliver and Engler, Lasse and Lessen, Tammo Van and Leymann, Frank},
booktitle = {SBPM ONE 2010 the Subjectoriented BPM Conference (2010)},
file = {:media/Datos/Posgrado/Pesquisa/Baile/Basic-References/Interaction Choreography Models in BPEL - Chorepgraphies on the ESB.pdf:pdf},
title = {{Interaction Choreography Models in BPEL: Choreographies on the Enterprise Service Bus}},
year = {2010}
}
@article{Looker,
author = {Looker, Nik and Munro, Malcolm and Xu, Jie},
file = {:media/Datos/Posgrado/Pesquisa/CHOReOS/Basic-References/QoS Failure/Simulating Errors in Web Services.pdf:pdf},
journal = {Network},
keywords = {dependability,fault injection,fault model,quality of service,reliability,web services},
title = {{Simulating errors in web services}}
}
@article{Manivannan2011,
author = {Manivannan, K and Ravichandran, CG},
file = {:media/Datos/Posgrado/Pesquisa/Thesis/more articles 2/A Framework to Enhance Quality of service for CDN using WS - A review.pdf:pdf},
journal = {IJCSI International Journal of Computer Science Issues},
keywords = {centers,consumer electronics,content delivery,internet service providers,isps,mobile operators,online music,quality of service,real time service provisioning,retailers,web service},
number = {5},
pages = {275--282},
title = {{A Framework to Enhance Quality of Service for Content Delivery Network Using Web Services: A Review}},
volume = {8},
year = {2011}
}
@inproceedings{Pandey2010,
address = {Hong Kong},
author = {Pandey, Ravi Shankar},
booktitle = {Proceeedings of the International MultiConference of Engineering and Computer Scientists IMECS 2010},
file = {:media/Datos/Posgrado/Pesquisa/Baile/Basic-References/QoS/A Meta-Model Based Proposal for QOS of WSCDL Choreography.pdf:pdf},
keywords = {choreography,domi-,dominant relationship and dominant,interaction,nant role,quality of sevice,wscdl},
pages = {2--8},
publisher = {Newswood Limited},
title = {{A Meta-Model Based Proposal for QOS of WSCDL Choreography}},
volume = {I},
year = {2010}
}
